@book {
  Flanagan2011,
  author="David Flanagan",
  title="JavaScript: The Definitive Guide, 6th Edition",
  publisher="O'Reilly Media",
  year="2011"
}
